@manual{SOW,
author = {RMCC Department of Electrical and Computer Engineering},
title = {Statement of Work},
year = {2016},
language = {English},
organization = {Royal Military College of Canada},
pagetotal = {9},
pubstate = {2016},
}

@Misc{ROS,
    title  = "\emph{Ros Tutorials}",
    note   = "\url{http://wiki.ros.org/ROS/Tutorials}
           , accessed 28 Feb. 2017",
}

@book{ProbRob,
    author    = {Sebastian Thrun and Wolfram Burgard and Dieter Fox},
    title     = {Probabilistic Robotics},
    year      = {2005},
    publisher = {MIT Press},
    address   = {Cambridge, Massachusetts},
}

@book{EPAR,
    author    = {Henry Hexmoor},
    title     = {Essential Principles for Autonomous Robotics},
    year      = {2013},
    publisher = {Morgon & Claypool},
}

@article{KLD,
    author    = {Dieter Fox},
    title     = {Adapting the Sample Size in Particle Filters Through KLD-Sampling},
    year      = {2003},
    journal   = {The International Journal of Robotics Research},
    volume    = {22},
    number    = {12},
    pages     = {891--921},
}

@Misc{Tracker,
    author  = {Captain Tim Chisholm},
    title   = "\emph{Laser Pointer Tracking Robot}",
    note    = "Royal Military College of Canada, Kingston, ON",
    year    = 2017,
    month   = Jan,
}    

@MastersThesis{KalmanFilter,
    author     =     {Rudy Negenborn},
    title     =     {Robot Localization and Kalman Filgers},
    school     =     {University of Utrecht},
    address     =     {the Netherlands},
    year     =     {2003},
}